
@PhdThesis{FooBar,
  title = "Foo",
  author = "Bar",
  school = "Brown",
  month = "Jan",
  year = "2000"
}




