
@ARTICLE{MDP,
    author = "Richard Bellman",
     title = "A Markovian Decision Process",
   journal = "Indiana Univ. Math. J.",
  fjournal = "Indiana University Mathematics Journal",
    volume = 6,
      year = 1957,
     issue = 4,
     pages = "679--684",
      issn = "0022-2518",
     coden = "IUMJAB",
   mrclass = "",
}

@inproceedings{OOMDP,
  title={An object-oriented representation for efficient reinforcement learning},
  author={Diuk, Carlos and Cohen, Andre and Littman, Michael L},
  booktitle={Proceedings of the 25th international conference on Machine learning},
  pages={240--247},
  year={2008},
  organization={ACM}
}

@article{POMDP,
  title={Planning and acting in partially observable stochastic domains},
  author={Kaelbling, Leslie Pack and Littman, Michael L and Cassandra, Anthony R},
  journal={Artificial intelligence},
  volume={101},
  number={1},
  pages={99--134},
  year={1998},
  publisher={Elsevier}
}

@article{dietr1,
  title={Learning to Identify New Objects},
  author={Sun, Yuyin and Bo, Liefeng and Fox, Dieter},
  journal={ICRA},
  year={2014}
}

@incollection{kostas1,
  title={Active Deformable Part Models Inference},
  author={Zhu, Menglong and Atanasov, Nikolay and Pappas, George J and Daniilidis, Kostas},
  booktitle={Computer Vision--ECCV 2014},
  pages={281--296},
  year={2014},
  publisher={Springer}
}

@incollection{forsyth1,
  title={30Hz Object Detection with DPM V5},
  author={Sadeghi, Mohammad Amin and Forsyth, David},
  booktitle={Computer Vision--ECCV 2014},
  pages={65--79},
  year={2014},
  publisher={Springer}
}

@article{sliding1,
  title={Sliding Shapes for 3D Object Detection in Depth Images},
  author={Xiao, Shuran Song Jianxiong},
  journal={ECCV},
  year={2014}
}

@inproceedings{bing,
  title={BING: Binarized normed gradients for objectness estimation at 300fps},
  author={Cheng, Ming-Ming and Zhang, Ziming and Lin, Wen-Yan and Torr, Philip},
  booktitle={IEEE CVPR},
  year={2014}
}

@article{sift,
  title={Distinctive image features from scale-invariant keypoints},
  author={Lowe, David G},
  journal={International journal of computer vision},
  volume={60},
  number={2},
  pages={91--110},
  year={2004},
  publisher={Springer}
}

@inproceedings{wsrn,
  title={Distribution free evolvability of polynomial functions over all convex loss functions},
  author={Valiant, Paul},
  booktitle={Proceedings of the 3rd Innovations in Theoretical Computer Science Conference},
  pages={142--148},
  year={2012},
  organization={ACM}
}

@inproceedings{herding,
  title={Herding dynamical weights to learn},
  author={Welling, Max},
  booktitle={Proceedings of the 26th Annual International Conference on Machine Learning},
  pages={1121--1128},
  year={2009},
  organization={ACM}
}



